@article{Antoy2010,
 author = {Antoy, Sergio and Hanus, Michael},
 title = {Functional logic programming},
 journal = {Commun. ACM},
 issue_date = {April 2010},
 volume = {53},
 number = {4},
 month = apr,
 year = {2010},
 issn = {0001-0782},
 pages = {74--85},
 numpages = {12},
 url = {http://doi.acm.org/10.1145/1721654.1721675},
 doi = {10.1145/1721654.1721675},
 acmid = {1721675},
 publisher = {ACM},
 address = {New York, NY, USA},
} 