@article{Hughes,
 author = {Hughes, J.},
 title = {Why functional programming matters},
 journal = {Comput. J.},
 issue_date = {April 1989},
 volume = {32},
 number = {2},
 month = apr,
 year = {1989},
 issn = {0010-4620},
 pages = {98--107},
 numpages = {10},
 url = {http://dx.doi.org/10.1093/comjnl/32.2.98},
 doi = {10.1093/comjnl/32.2.98},
 acmid = {63411},
 publisher = {Oxford University Press},
 address = {Oxford, UK},
} 


@article{Hinsen,
 author = {Hinsen, Konrad},
 title = {The Promises of Functional Programming},
 journal = {Computing in Science and Engg.},
 issue_date = {July 2009},
 volume = {11},
 number = {4},
 month = jul,
 year = {2009},
 issn = {1521-9615},
 pages = {86--90},
 numpages = {5},
 url = {http://dx.doi.org/10.1109/MCSE.2009.129},
 doi = {10.1109/MCSE.2009.129},
 acmid = {1592025},
 publisher = {IEEE Educational Activities Department},
 address = {Piscataway, NJ, USA},
 keywords = {Mathematica, Scientific programming, Scientific programming, scientific computing, functional programming, functions, recursion, Mathematica, functional programming, functions, recursion, scientific computing},
} 

@article{MapReduce,
 author = {Dean, Jeffrey and Ghemawat, Sanjay},
 title = {MapReduce: simplified data processing on large clusters},
 journal = {Commun. ACM},
 issue_date = {January 2008},
 volume = {51},
 number = {1},
 month = jan,
 year = {2008},
 issn = {0001-0782},
 pages = {107--113},
 numpages = {7},
 url = {http://doi.acm.org/10.1145/1327452.1327492},
 doi = {10.1145/1327452.1327492},
 acmid = {1327492},
 publisher = {ACM},
 address = {New York, NY, USA},
} 

@inproceedings{Visitor,
 author = {Palsberg, Jens and Jay, C. Barry},
 title = {The Essence of the Visitor Pattern},
 booktitle = {Proceedings of the 22nd International Computer Software and Applications Conference},
 series = {COMPSAC '98},
 year = {1998},
 isbn = {0-8186-8585-9},
 pages = {9--15},
 numpages = {7},
 url = {http://dl.acm.org/citation.cfm?id=645980.674267},
 acmid = {674267},
 publisher = {IEEE Computer Society},
 address = {Washington, DC, USA},
} 


