@MISC{Bernard_networkrobustness,
    author = {Anthony Dekker Bernard},
    title = {Network Robustness and Graph Topology},
    year = {}
}


