@article{art1,
author="First Last",
title="A fictitious journal article",
year=1900,
journal="Journal of nothingness",
volume=2,
pages="1-2"}

@book{boo1,
author="Respectable Writer",
title="A silly book",
year=2000,
publisher="PublishCo",
address="Somewhere"}


@misc{
apa.cls,
   Author = {Protopapas, Athanassios},
   Title = {Example of an APA-style maunscript: a guide to using apa.cls},
   Publisher = {Retrieved August 20, 2007, from http://www.ilsp.gr/homepages/protopapas/apacls.html},
         Year = {2005} }

@book{
apa,
   Author = {{American Psychological Association}},
   Title = {Publication manual of the American Psychological Association},
   Publisher = {American Psychological Association},
   Address = {Washington, DC},
   Edition = {5th},
   Keywords = {Psychology Authorship Handbooks, manuals, etc.
Social sciences Authorship Handbooks, manuals, etc.
Psychological literature Publishing Handbooks, manuals, etc.
Social science literature Publishing Handbooks, manuals, etc.},
   Year = {2001} }








@article{
killeen,
   Author = {Killeen, Peter},
   Title = {An alternative to Null-Hypothesis Significance Tests},
   Journal = {Psychological Science},
   Volume = {16},
   Pages = {345-353},
   Abstract = {probability of replication},
   Keywords = {p.rep pr},
   Year = {2005} }




@book{
leary,
   Author = {Leary, Mark R.},
   Title = {Introduction to Behavioral Research Methods},
   Publisher = {Allyn and Bacon},
   Address = {Needham Heights, Ma.},
   Edition = {5},
      Year = {2007} }

@incollection{
rev:ea07,
   Author = {Revelle, William},
   Title = {Experimental Approaches to the Study of Personality },
   BookTitle = {Handbook of research methods in personality psychology.},
   Editor = {Robins, R.W and Fraley, R. Chris and Krueger, Robert F.},
   Publisher = {Guilford},
   Address = {New York},
   Pages = {37-61},
      Year = {2007} }




@Manual{R,
    title = {R: A Language and Environment for Statistical Computing},
    author = {{R Development Core Team}},
    organization = {R Foundation for Statistical Computing},
    address = {Vienna, Austria},
    year = {2007},
    note = {{ISBN} 3-900051-07-0},
    url = {http://www.R-project.org},
  }









