@article{zenger2004independently,
  title={Independently extensible solutions to the expression problem},
  author={Zenger, M. and Odersky, M.},
  journal={URL http://scala. epfl. ch/docu/related. html},
  year={2004}
}

@article{wadler1998expression,
  title={The expression problem},
  author={Wadler, P.},
  journal={java-genericity Mailing List},
  year={1998}
}
