@MISC{Mar_newanalysis,
    author = {Phyu Phyu Mar and Khin Maung Latt},
    title = {New Analysis Methods on Strict Avalanche Criterion of S- Boxes},
    year = {}
}

@MISC{Kim90astudy,
    author = {Kwangjo Kim},
    title = {A Study on the Construction and Analysis of Substitution Boxes for Symmetric Cryptosystems},
    year = {1990}
}
