@article{Fisher,
 author = {Fisher, Kathleen},
 title = {We need more than one: why students need a sophisticated understanding of programming languages},
 journal = {SIGPLAN Not.},
 issue_date = {November 2008},
 volume = {43},
 number = {11},
 month = nov,
 year = {2008},
 issn = {0362-1340},
 pages = {62--65},
 numpages = {4},
 url = {http://doi.acm.org/10.1145/1480828.1480841},
 doi = {10.1145/1480828.1480841},
 acmid = {1480841},
 publisher = {ACM},
 address = {New York, NY, USA},
 keywords = {programming languages curriculum},
} 

@article{Bruce,
 author = {Bruce, Kim and Freund, Stephen N.},
 title = {Programming languages as part of core computer science},
 journal = {SIGPLAN Not.},
 issue_date = {November 2008},
 volume = {43},
 number = {11},
 month = nov,
 year = {2008},
 issn = {0362-1340},
 pages = {50--54},
 numpages = {5},
 url = {http://doi.acm.org/10.1145/1480828.1480838},
 doi = {10.1145/1480828.1480838},
 acmid = {1480838},
 publisher = {ACM},
 address = {New York, NY, USA},
 keywords = {programming languages curriculum},
} 